<?xml version="1.0" encoding="UTF-8"?><collection xmlns="http://www.loc.gov/MARC21/slim"><record><leader>00373nam--2200133-i-4500</leader><controlfield tag="001">000034995</controlfield><controlfield tag="002">20161230</controlfield><controlfield tag="005">20161230201040</controlfield><controlfield tag="008">060222s1000------------r-----000-0-eng-d</controlfield><datafield ind1=" " ind2=" " tag="080"><subfield code="a">614.876</subfield></datafield><datafield ind1=" " ind2=" " tag="100"><subfield code="a">Murphy, Charles, J. /S.A.</subfield></datafield><datafield ind1=" " ind2=" " tag="245"><subfield code="a">Radiation monitoring systems for a large test reactor</subfield></datafield><datafield ind1=" " ind2=" " tag="260"><subfield code="a">New York, Instrument Society Of America, 1966, 7p</subfield></datafield><datafield ind1=" " ind2=" " tag="852"><subfield code="a">24936</subfield></datafield></record></collection>